@InCollection{1657:huygens,
  author = 	 {Christiaan Huygens},
  title = 	 {De Ratiociniis in Ludo Ale{\ae}},
  booktitle = 	 {Exercitationum Mathematicarum Libri Quinque: Quibus accedit {C}hristiani {H}ugenii Tractatus de Ratiociniis in Ale{\ae} Ludo},
  OPTcrossref =  {},
  OPTkey = 	 {},
  pages = 	 {517--524},
  publisher = {Ex officina Johannis Elsevirii},
  year = 	 {1657},
  editor = 	 {Schooten, Franciscus {\'a}},
  OPTvolume = 	 {},
  OPTnumber = 	 {},
  OPTseries = 	 {},
  OPTtype = 	 {},
  OPTchapter = 	 {},
  address = 	 {Lugd. Batav.},
  OPTedition = 	 {},
  OPTmonth = 	 {},
  OPTnote = 	 {},
  OPTannote = 	 {}
}

@Book{joyce:1999,
  author = 	 {Joyce, James},
  ALTeditor = 	 {},
  title = 		 {The Foundations of Causal Decision Theory},
  publisher = 	 {Cambridge University Press},
  year = 		 {1999},
  OPTkey = 		 {},
  OPTvolume = 	 {},
  OPTnumber = 	 {},
  OPTseries = 	 {},
  OPTaddress = 	 {},
  OPTedition = 	 {},
  OPTmonth = 	 {},
  OPTnote = 	 {},
  OPTannote = 	 {}
}

@Unpublished{2011:troffaes:isipta:natext,
  author =       {Matthias C. M. Troffaes and Robert Hable},
  title =        {Robustness of Natural Extension},
  OPTcrossref =  {},
  OPTkey =       {},
  OPTbooktitle = {},
  OPTpages =     {},
  year =      {2011},
  OPTeditor =    {},
  OPTvolume =    {},
  OPTnumber =    {},
  OPTseries =    {},
  OPTaddress =   {},
  OPTmonth =     {},
  OPTorganization = {},
  OPTpublisher = {},
  note =      {Submitted to ISIPTA'11},
  OPTannote =    {}
}

@Proceedings{2010:coolen:oberguggenberger:troffaes::jrr,
  title =        {Proceedings of the Institution of Mechanical Engineers, Part O: Journal of Risk and Reliability},
  year =         {2010},
  OPTkey =       {},
  OPTbooktitle = {},
  editor =    {Frank P. A. Coolen and Michael Oberguggenberger and Matthias C. M. Troffaes},
  volume =    {224},
  number =    {4},
  OPTseries =    {},
  OPTaddress =   {},
  OPTmonth =     {},
  OPTorganization = {},
  OPTpublisher = {},
  note =      {Special Issue on Uncertainty in Engineering and Risk Reliability},
  OPTannote =    {}
}

@Article{1996:fukuda,
  author =       {K. Fukuda and A. Prodon},
  title =        {Double description method revisited},
  journal =      {Combinatorics and Computer Science},
  year =         {1996},
  OPTkey =       {},
  volume =    {1120},
  OPTnumber =    {},
  pages =     {91--111},
  OPTmonth =     {},
  OPTnote =      {},
  OPTannote =    {},
  note={\url{http://www.ifor.math.ethz.ch/~fukuda/cdd_home/}}
}

@Misc{2009:defra:animal:health,
  author =       {Defra},
  title =        {Impact assessment of an independent body for animal health in {E}ngland},
  year =         {2009},
  note =      {\url{http://www.defra.gov.uk/corporate/consult/newindependent-body-ah/impact-assessment.pdf}},
}

@Misc{test:url,
  OPTkey =       {},
  author =    {Mr. Test},
  title =     {Testing the url command in references},
  OPThowpublished = {},
  OPTmonth =     {},
  OPTyear =      {},
  note =      {\url{http://www.google.com} and \url{http://www.yahoo.com}},
  OPTannote =    {}
}

@MASTERSTHESIS{2000:troffaes:msthesis,
  AUTHOR = {Matthias C. M. Troffaes},
  TITLE = {Quantum algorithmes: theoretische aspecten en toepassingen},
  SCHOOL = {Universiteit Gent},
  YEAR = {2000},
  OPTKEY = {},
  OPTTYPE = {},
  OPTADDRESS = {Gent},
  MONTH = {May},
  OPTNOTE = {},
  OPTANNOTE = {}
}

@PhdThesis{2008:hable:thesis,
  author =       {Robert Hable},
  title =        {Data-Based Decisions under Complex Uncertainty},
  school =       {Ludwig-Maximilians-Universit{\"a}t M{\"u}nchen},
  year =         {2008},
  OPTkey =       {},
  OPTtype =      {},
  OPTaddress =   {},
  OPTmonth =     {},
  OPTnote =      {},
  OPTannote =    {}
}

@BOOKLET{Sherwood,
author="D.A. Sherwood",
title="Phosphorus Loads Entering Long Pond, A Small Embayment of Lake {O}ntario near {R}ochester, {N}ew {Y}ork",
howpublished="USGS Fact Sheet 128-99",
pages=4,
month="November",
year=1999,
}

@InProceedings{2005:cormack,
  author = 	 {Cormack, G. V. and Lynam, T. R.},
  title = 	 {Spam Corpus Creation for TREC},
  OPTcrossref =  {},
  OPTkey = 	 {},
  booktitle = {Proceedings of the Second Conference on Email and Anti-Spam},
  OPTpages = 	 {},
  year = 	 {2005},
  OPTeditor = 	 {},
  OPTvolume = 	 {},
  OPTnumber = 	 {},
  OPTseries = 	 {},
  address = 	 {Palo Alto},
  month = 	 {Jul},
  OPTorganization = {},
  OPTpublisher = {},
  OPTnote = 	 {},
  OPTannote = 	 {}
}

@MANUAL{RSI,
author="RSI",
title="ENVI User's Guide",
publisher="Reasearch Systems Incorporated",
organization="Research Systems Incorporated",
howpublished="PDF File",
address="Boulder, CO",
month="September",
year=2001,
}

@InBook{Kristensen83,
  author = 	 {B. B. Kristensen and Ole L. Madsen and B. M{\o}ller-Pedersen and K. Nygaard},
  editor = 	 {P. Degano and E. Sandewall},   
  title = 	 {Integrated Interactive Computing Systems},
  chapter = 	 {Syntax-directed program modularization},
  publisher = 	 {North-Holland, Amsterdam},
  year = 	 {1983},
  pages = 	 {207-219}
}

@InCollection{2004:seidenfeld::rubinesque,
  author = 	 {J. B. Kadane and Mark J. Schervish and Teddy Seidenfeld},
  title = 	 {A {R}ubinesque theory of decision},
  booktitle = 	 {A festschrift for {H}erman {R}ubin},
  OPTcrossref =  {},
  OPTkey = 	 {},
  pages = 	 {45--55},
  publisher = {Inst. Math. Statist.},
  year = 	 {2004},
  OPTeditor = 	 {},
  volume = 	 {45},
  OPTnumber = 	 {},
  series = 	 {IMS Lecture Notes -- Monograph Series},
  OPTtype = 	 {},
  OPTchapter = 	 {},
  address = 	 {Beachwood, Ohio},
  OPTedition = 	 {},
  OPTmonth = 	 {},
  OPTnote = 	 {},
  OPTannote = 	 {}
}
