@article{foo,
      author         = "Zenz, Seth",
      title          = "{Measurement of jet cross section and fragmentation of
                        jets using tracks with the ATLAS detector}",
      collaboration  = "The ATLAS",
      journal        = "PoS",
      volume         = "ICHEP2010",
      pages          = "047",
      year           = "2010",
}
